@article{back:etal:2017,
  title={The \emph{{S}treptococcus gordonii} adhesin {CshA} protein binds host fibronectin via a catch-clamp mechanism},
  author={Catherine R. Back and Maryta N. Sztukowska and Marisa Till and Richard J. Lamont and Howard F. Jenkinson and Angela H. Nobbs and Paul R. Race},
  year={2017},
  journal={Journal of Biological Chemistry},
  volume={292},
  number={5},
  pages={1538--1549}
}

@article{macdonald1995difference,
  title={A difference Fourier transform infrared spectroscopic study of chlorophyll oxidation in hydroxylamine-treated photosystem {II}},
  author={MacDonald, Gina M and Steenhuis, Jacqueline J and Barry, Bridgette A},
  journal={Journal of Biological Chemistry},
  volume={270},
  number={15},
  pages={8420--8428},
  year={1995},
  publisher={ASBMB}
}

@book{sambrook1989molecular,
  title={Molecular Cloning: A Laboratory Manual},
  author={Sambrook, Joseph and Fritsch, Edward F and Maniatis, Tom},
  edition={2},
  year={1989},
  publisher={Cold Spring Harbor Laboratory},
  address = {Cold Spring Harbor, NY}
}

@article{waskiewicz1997mitogen,
  title={Mitogen-activated protein kinases activate the serine/threonine kinases {Mnk1} and {Mnk2}},
  author={Waskiewicz, Andrew Jan and Flynn, Andrea and Proud, Christopher G and Cooper, Jonathan A},
  journal={EMBO Journal},
  volume={16},
  number={8},
  pages={1909--1920},
  year={1997},
  publisher={EMBO Press}
}
